@article{LL15,
  title={Discrepancy of High-Dimensional Permutations},
  author={Linial, Nathan and Luria, Zur},
  journal={arXiv preprint arXiv:1512.04123},
  year={2015}
}

@book{JLR00,
  title={Random Graphs},
  author={Janson, Svante and {\L{}}uczak, Tomasz and Ruci{\'n}ski, Andrzej},
  year={2000},
  publisher={Cambridge University Press}
}

@article{Sch98,
  title={Counting 1-factors in regular bipartite graphs},
  author={Schrijver, Alexander},
  journal={Journal of Combinatorial Theory, Series B},
  volume={72},
  number={1},
  pages={122--135},
  year={1998},
  publisher={Elsevier}
}

@article{CGW08,
  title={The cycle structure of two rows in a random {L}atin square},
  author={Cavenagh, Nicholas J and Greenhill, Catherine and Wanless, Ian M},
  journal={Random Structures \& Algorithms},
  volume={33},
  number={3},
  pages={286--309},
  year={2008},
  publisher={Wiley Online Library}
}

@article{Pitt97,
  title={Mappings of {L}atin squares},
  author={Pittenger, Arthur O},
  journal={Linear algebra and its applications},
  volume={261},
  number={1},
  pages={251--268},
  year={1997},
  publisher={Elsevier}
}

@article{MW99,
  title={Most {L}atin squares have many subsquares},
  author={McKay, Brendan D and Wanless, Ian M},
  journal={Journal of Combinatorial Theory, Series A},
  volume={86},
  number={2},
  pages={323--347},
  year={1999},
  publisher={Elsevier}
}

@article{JM96,
  title={Generating uniformly distributed random {L}atin squares},
  author={Jacobson, Mark T and Matthews, Peter},
  journal={Journal of Combinatorial Designs},
  volume={4},
  number={6},
  pages={405--437},
  year={1996},
  publisher={Wiley Online Library}
}

@article{Coo14,
  title={Discrepancy properties for random regular digraphs},
  author={Cook, Nicholas A},
  journal={arXiv preprint arXiv:1410.5595},
  year={2014}
}

@article{KSVW01,
  title={Random regular graphs of high degree},
  author={Krivelevich, Michael and Sudakov, Benny and Vu, Van H and Wormald, Nicholas C},
  journal={Random Structures \& Algorithms},
  volume={18},
  number={4},
  pages={346--363},
  year={2001},
  publisher={Wiley Online Library}
}

@article{Cha07,
  title={Stein's method for concentration inequalities},
  author={Chatterjee, Sourav},
  journal={Probability theory and related fields},
  volume={138},
  number={1},
  pages={305--321},
  year={2007},
  publisher={Springer}
}

@article{GM90,
  title={Asymptotic enumeration of {L}atin rectangles},
  author={Godsil, Chris D and McKay, Brendan D},
  journal={Journal of Combinatorial Theory, Series B},
  volume={48},
  number={1},
  pages={19--44},
  year={1990},
  publisher={Elsevier}
}

@article{CGJ15,
  title={Size biased couplings and the spectral gap for random regular graphs},
  author={Cook, Nicholas A and Goldstein, Larry and Johnson, Tobias},
  journal={arXiv preprint arXiv:1510.06013},
  year={2015}
}

@book{CD06,
  title={Handbook of combinatorial designs},
  author={Colbourn, Charles J and Dinitz, Jeffrey H},
  year={2006},
  publisher={CRC press}
}

@article{ER59,
  title={On random graphs {I}},
  author={Erd{\H o}s, P and R{\'e}nyi, A},
  journal={Publ. Math. Debrecen},
  volume={6},
  pages={290--297},
  year={1959}
}

@article{KT76,
  title={On certain constructions for {L}atin squares with no {L}atin subsquares of order two},
  author={Kotzig, Anton and Turgeon, Jean},
  journal={Discrete Mathematics},
  volume={16},
  number={3},
  pages={263--270},
  year={1976},
  publisher={Elsevier}
}

@incollection{HW81,
  title={The maximum number of intercalates in a {L}atin square},
  author={Heinrich, Katherine and Wallis, WD},
  booktitle={Combinatorial Mathematics {VIII}},
  pages={221--233},
  year={1981},
  publisher={Springer}
}

@article{Plu07,
  title={Graph factors and factorization: 1985--2003: a survey},
  author={Plummer, Michael D},
  journal={Discrete Mathematics},
  volume={307},
  number={7},
  pages={791--821},
  year={2007},
  publisher={Elsevier}
}

@article{Bre73,
  title={Some properties of nonnegative matrices and their permanents},
  author={Br{\'e}gman, LM},
  journal={Soviet Mathematics Doklady},
  volume={14},
  pages={945--949},
  year={1973}
}

@article{Kee14,
  title={The existence of designs},
  author={Keevash, Peter},
  journal={arXiv preprint arXiv:1401.3665},
  year={2014}
}

@article{Kee15,
  title={Counting designs},
  author={Keevash, Peter},
  journal={arXiv preprint arXiv:1504.02909},
  year={2015}
}

@article{Cam92,
  title={Almost all quasigroups have rank 2},
  author={Cameron, Peter J},
  journal={Discrete Mathematics},
  volume={106},
  pages={111--115},
  year={1992},
  publisher={Elsevier}
}

@article{HJ96,
  title={All-even {L}atin squares},
  author={H{\"a}ggkvist, Roland and Janssen, Jeannette CM},
  journal={Discrete Mathematics},
  volume={157},
  number={1},
  pages={199--206},
  year={1996},
  publisher={Elsevier}
}

@article{JR02,
  title={The infamous upper tail},
  author={Janson, Svante and Rucinski, Andrzej},
  journal={Random Structures and Algorithms},
  volume={20},
  number={3},
  pages={317--342},
  year={2002},
  publisher={Citeseer}
}

@book{VW01,
  title={A course in combinatorics},
  author={van Lint, Jacobus Hendricus and Wilson, Richard Michael},
  year={2001},
  publisher={Cambridge university press}
}

@incollection{DK91,
  author={Preece, D A},
  title={{L}atin squares as experimental designs},
  editor={Keedwell, A Donald and D{\'e}nes, J{\'o}zsef},
  booktitle={{L}atin squares: New Developments in the theory and Applications},
  series={Annals of Discrete Mathematics},
  pages={317--341},
  volume={46},
  publisher={North-Holland},
  address={Amsterdam},
  year={1991}
}

@book{DK15,
  title={{L}atin squares and their applications},
  edition={Second},
  author={Keedwell, A Donald and D{\'e}nes, J{\'o}zsef},
  year={2015},
  publisher={Elsevier}
}

@article{Fal81,
  title={Proof of the {V}an der {W}aerden conjecture regarding the permanent of a doubly stochastic matrix},
  author={Falikman, Dmitry I},
  journal={Mathematical Notes},
  volume={29},
  number={6},
  pages={475--479},
  year={1981},
  publisher={Springer}
}

@article{Ego81,
  title={The solution of {V}an der {W}aerden's problem for permanents},
  author={Egorychev, GP},
  journal={Advances in Mathematics},
  volume={42},
  number={3},
  pages={299--305},
  year={1981},
  publisher={Elsevier}
}
